@article{brooks1991,
  title={Intelligence without representation},
  author={Brooks, Rodney A},
  journal={Artificial intelligence},
  volume={47},
  number={1-3},
  pages={139--159},
  year={1991},
  publisher={Elsevier}
}
