%%%%%%%%%%%%%%%%%%%%%%%%%%%%%%%%%%%%%%%%%%%%%%%%%%%%%%%%%%%%%%%%%%
%%%%%%%%%%%%%%%%%%%%%%%%%%%%%%%%%%%%%%%%%%%%%%%%%%%%%%%%%%%%%%%%%%
%%%%%%%%%%%%%%%%%%%%%%%%%%%%%%%%%%%%%%%%%%%%%%%%%%%%%%%%%%%%%%%%%%
% My references, delete all above

% Language as joint activity

% Clark, Brennan - Grounding in Communication
@article{clark1991grounding,
  title={Grounding in communication},
  author={Clark, Herbert H and Brennan, Susan E and others},
  journal={Perspectives on socially shared cognition},
  volume={13},
  number={1991},
  pages={127--149},
  year={1991}
}

% Theory of common ground
@article{clark1985comm,
  title={Language use and language users},
  author={Clark, Herbert H},
  journal={Handbook of social psychology},
  volume={2},
  number={3},
  pages={179--231},
  year={1985}
}

% reference repair model
@article{clark1981ref,
  title={Definite reference and mutual knowledge},
  author={Clark, Herbert H and Marshall, Catherine R},
  year={1981},
  publisher={Cambridge University Press}
}

% using language (reference repair model on steroids)
@article{clark1996ref,
  title={Using language. 1996},
  author={Clark, Herbert H},
  journal={Cambridge University Press: Cambridge},
  volume={952},
  pages={274--296},
  year={1996}
}

@article{pp01ref,
  title={Dissecting common ground: Examining an instance of reference repair},
  author={Koschmann, Timothy and LeBaron, Curtis and Goodwin, Charles and Feltovich, Paul},
  year={2001}
}

% in collab
@article{monk2003common,
  title={Common ground in electronically mediated communication: Clarkâ€™s theory of language use},
  author={Monk, Andrew},
  journal={HCI models, theories, and frameworks: Toward a multidisciplinary science},
  pages={265--289},
  year={2003},
  publisher={Morgan Kaufmann San Francisco, CA}
}

@article{olson2000distance,
  title={Distance matters},
  author={Olson, Gary M and Olson, Judith S},
  journal={Human-computer interaction},
  volume={15},
  number={2},
  pages={139--178},
  year={2000},
  publisher={L. Erlbaum Associates Inc.}
}

@article{bjorn2014does,
  title={Does distance still matter? Revisiting the CSCW fundamentals on distributed collaboration},
  author={Bj{\o}rn, Pernille and Esbensen, Morten and Jensen, Rasmus Eskild and Matthiesen, Stina},
  journal={ACM Transactions on Computer-Human Interaction (TOCHI)},
  volume={21},
  number={5},
  pages={27},
  year={2014},
  publisher={ACM}
}

@ARTICLE {pres,
    author  = "Lau, Alan and Fan, Xiao Xiao",
    title   = "Common Ground and Its Applications",
    journal = "unpublished, seminar presentation",
    year    = "2017",
    month   = "apr"
}

% git
@inproceedings{dabbish2012git,
  title={Social coding in GitHub: transparency and collaboration in an open software repository},
  author={Dabbish, Laura and Stuart, Colleen and Tsay, Jason and Herbsleb, Jim},
  booktitle={Proceedings of the ACM 2012 conference on Computer Supported Cooperative Work},
  pages={1277--1286},
  year={2012},
  organization={ACM}
}
